OK
@article{bernstein2014containers,
  title     = {Containers and cloud: From lxc to docker to kubernetes},
  author    = {Bernstein, David},
  journal   = {IEEE cloud computing},
  volume    = {1},
  number    = {3},
  pages     = {81--84},
  year      = {2014},
  publisher = {IEEE}
}

OK
@article{boehm1988spiral,
  title     = {A spiral model of software development and enhancement},
  author    = {Boehm, Barry},
  journal   = {Computer},
  volume    = {21},
  number    = {5},
  pages     = {61--72},
  year      = {1988},
  publisher = {IEEE}
}

OK
@article{chae2019performance,
  title     = {A performance comparison of linux containers and virtual machines using Docker and KVM},
  author    = {Chae, MinSu and Lee, HwaMin and Lee, Kiyeol},
  journal   = {Cluster Computing},
  volume    = {22},
  number    = {Suppl 1},
  pages     = {1765--1775},
  year      = {2019},
  publisher = {Springer}
}

OK
@inproceedings{felter2015updated,
  title        = {An updated performance comparison of virtual machines and linux containers},
  author       = {Felter, Wes and Ferreira, Alexandre and Rajamony, Ram and Rubio, Juan},
  booktitle    = {2015 IEEE international symposium on performance analysis of systems and software (ISPASS)},
  pages        = {171--172},
  year         = {2015},
  organization = {IEEE}
}

OK
@article{gao2018study,
  title     = {A study on the security implications of information leakages in container clouds},
  author    = {Gao, Xing and Steenkamer, Benjamin and Gu, Zhongshu and Kayaalp, Mehmet and Pendarakis, Dimitrios and Wang, Haining},
  journal   = {IEEE Transactions on Dependable and Secure Computing},
  volume    = {18},
  number    = {1},
  pages     = {174--191},
  year      = {2018},
  publisher = {IEEE}
}

OK
@misc{hykesLightningTalkFuture2013,
  title  = {Lightning Talk - The Future of Linux Containers, PyCon US 2013},
  author = {Hykes, Solomon},
  url    = {https://pyvideo.org/pycon-us-2013/the-future-of-linux-containers.html}
}

OK
@inproceedings{kampJailsConfiningOmnipotent,
  title     = {Jails: Confining the Omnipotent Root},
  author    = {Kamp, Poul-Henning and Watson, Robert N. M.},
  booktitle = {Proceedings of the 2nd International SANE Conference},
  volume    = {43},
  pages     = {116},
  year      = {2000}
}

OK
@book{kaneDockerRunningShipping2023,
  title     = {Docker up \& Running: Shipping Reliable Containers in Production},
  author    = {Kane, Sean and Matthias, Karl},
  year      = {2023},
  edition   = {Third edition},
  publisher = {O'Reilly Media},
  language  = {english}
}

OK
@misc{kerriskLinuxProgrammingInterface2010,
  title     = {The Linux Programming Interface: A Linux and UNIX System Programming Handbook},
  author    = {Kerrisk, Michael},
  year      = {2010},
  publisher = {No Starch Press},
  language  = {english}
}

OK
@misc{LinuxContainers,
  title = {Linux Containers},
  url   = {https://linuxcontainers.org/}
}

OK
@inproceedings{luo2016whispers,
  title        = {Whispers between the containers: High-capacity covert channel attacks in docker},
  author       = {Luo, Yang and Luo, Wu and Sun, Xiaoning and Shen, Qingni and Ruan, Anbang and Wu, Zhonghai},
  booktitle    = {2016 IEEE trustcom/bigdatase/ispa},
  pages        = {630--637},
  year         = {2016},
  organization = {IEEE}
}

OK
@misc{ManifestoAgileSoftware,
  title = {Manifesto for Agile Software Development},
  url   = {https://agilemanifesto.org/}
}

OK
@article{manvi2014resource,
  title     = {Resource management for Infrastructure as a Service (IaaS) in cloud computing: A survey},
  author    = {Manvi, Sunilkumar S. and Shyam, Gopal Krishna},
  journal   = {Journal of network and computer applications},
  volume    = {41},
  pages     = {424--440},
  year      = {2014},
  publisher = {Elsevier}
}

OK
@book{martinRapidApplicationDevelopment1991,
  title     = {Rapid Application Development},
  author    = {Martin, James},
  year      = {1991},
  publisher = {MacMillan Publishing Company},
  language  = {english}
}

OK
@misc{nato1968,
  title = {NATO Software Engineering Conference report},
  year  = {1968}
}

OK
@book{nickoloffDockerActionSecond,
  title     = {Docker in Action, Second Edition},
  author    = {Nickoloff, Jeff and Kuenzli, Stephen},
  year      = {2019},
  publisher = {Manning},
  language  = {english}
}

OK
@misc{OpenContainerInitiative,
  title = {Open Container Initiative - official website},
  url   = {https://opencontainers.org/about/overview/}
}

OK
@book{poultonDockerDeepDive2023,
  title     = {Docker Deep Dive},
  author    = {Nigel Poulton},
  year      = {2023},
  edition   = {2023 Edition},
  publisher = {Publishdrive},
  language  = {english}
}

OK
@inproceedings{priceSolarisZonesOperating2004,
  title     = {Solaris Zones: Operating System Support for Consolidating Commercial Workloads},
  author    = {Price, Daniel and Tucker, Andrew},
  booktitle = {LISA},
  volume    = {4},
  pages     = {241--254},
  year      = {2004}
}

OK
@inproceedings{royce1987managing,
  title     = {Managing the development of large software systems: concepts and techniques},
  author    = {Royce, Winston},
  booktitle = {Proceedings of the 9th international conference on Software Engineering},
  pages     = {328--338},
  year      = {1987}
}

OK
@book{stonemanLearnDockerMonth,
  title     = {Learn Docker in a Month of Lunches},
  author    = {Stoneman, Elton},
  year      = {2020},
  publisher = {Manning Publications},
  language  = {english}
}

OK
@misc{turnbullDockerBookContainerization2018,
  title     = {The Docker Book: Containerization is the new virtual},
  author    = {James Turnbull},
  year      = {2018},
  edition   = {18.09},
  publisher = {Shroff Publishers},
  language  = {english}
}

OK
@misc{WhatIsDocker,
  title = {What Is Docker? - Docker Documentation},
  url   = {https://docs.docker.com/get-started/docker-overview/}
}