@article{article1,
  author  = {Author1, First and Author2, Second},
  title   = {Title of the Article},
  journal = {Journal Name},
  year    = {2022},
  volume  = {1},
  number  = {1},
  pages   = {1-10},
  doi     = {10.12345/abcde}
}

@book{book1,
  author    = {Author3, Third},
  title     = {Title of the Book},
  publisher = {Publisher Name},
  year      = {2021},
  address   = {City, Country},
  isbn      = {123-456-7890}
}

@inproceedings{proceedings1,
  author       = {Author4, Fourth},
  title        = {Title of the Proceedings},
  booktitle    = {Conference Name},
  year         = {2023},
  pages        = {100-110},
  organization = {Organization Name},
  doi          = {10.54321/zyxwv}
}